@incollection{Handbook-Action-Refinement,
  author       = {Roberto Gorrieri and
                  Arend Rensink},
  editor       = {Jan A. Bergstra and
                  Alban Ponse and
                  Scott A. Smolka},
  title        = {Action Refinement},
  booktitle    = {Handbook of Process Algebra},
  chapter = 16,
  pages        = {1047--1147},
  publisher    = {North-Holland / Elsevier},
  year         = {2001},
  doi          = {10.1016/B978-044482830-9/50034-5},
  timestamp    = {Fri, 28 Jun 2019 09:48:36 +0200},
  biburl       = {https://dblp.org/rec/books/el/01/GorrieriR01.bib},
  bibsource    = {dblp computer science bibliography, https://dblp.org}
}

@incollection{Handbook-Priority-in-Process-Algebra,
  author       = {Rance Cleaveland and
                  Gerald L{\"{u}}ttgen and
                  V. Natarajan},
  editor       = {Jan A. Bergstra and
                  Alban Ponse and
                  Scott A. Smolka},
  title        = {Priority in Process Algebra},
  booktitle    = {Handbook of Process Algebra},
  chapter = 12,
  pages        = {711--765},
  publisher    = {North-Holland / Elsevier},
  year         = {2001},
  doi          = {10.1016/B978-044482830-9/50030-8},
  timestamp    = {Tue, 19 Jan 2021 17:57:33 +0100},
  biburl       = {https://dblp.org/rec/books/el/01/CleavelandLN01.bib},
  bibsource    = {dblp computer science bibliography, https://dblp.org}
}

@article{Control-in-rule-based-systems,
  author       = {Mette Vestli and
                  Inge Nordb{\o} and
                  Arne S{\o}lvberg},
  title        = {Modeling Control in Rule-Based Systems},
  journal      = {{IEEE} Softw.},
  volume       = {11},
  number       = {2},
  pages        = {77--81},
  year         = {1994},
  doi          = {10.1109/52.268961},
  timestamp    = {Mon, 08 Jun 2020 22:30:39 +0200},
  biburl       = {https://dblp.org/rec/journals/software/VestliNS94.bib},
  bibsource    = {dblp computer science bibliography, https://dblp.org}
}

@article{CCS-with-priority-choice,
  author       = {Juanito Camilleri and
                  Glynn Winskel},
  title        = {{CCS} with Priority Choice},
  journal      = {Inf. Comput.},
  volume       = {116},
  number       = {1},
  pages        = {26--37},
  year         = {1995},
  doi          = {10.1006/INCO.1995.1003},
  timestamp    = {Fri, 12 Feb 2021 22:16:48 +0100},
  biburl       = {https://dblp.org/rec/journals/iandc/CamilleriW95.bib},
  bibsource    = {dblp computer science bibliography, https://dblp.org}
}

@article{CCS-with-priority-guards,
  author       = {Iain Phillips},
  title        = {{CCS} with priority guards},
  journal      = {J. Log. Algebraic Methods Program.},
  volume       = {75},
  number       = {1},
  pages        = {139--165},
  year         = {2008},
  doi          = {10.1016/J.JLAP.2007.06.005},
  timestamp    = {Sun, 19 Jan 2025 14:28:15 +0100},
  biburl       = {https://dblp.org/rec/journals/jlp/Phillips08.bib},
  bibsource    = {dblp computer science bibliography, https://dblp.org}
}

@article{Stratego,
  author       = {Martin Bravenboer and
                  Karl Trygve Kalleberg and
                  Rob Vermaas and
                  Eelco Visser},
  title        = {Stratego/XT 0.17. {A} language and toolset for program transformation},
  journal      = {Sci. Comput. Program.},
  volume       = {72},
  number       = {1-2},
  pages        = {52--70},
  year         = {2008},
  doi          = {10.1016/J.SCICO.2007.11.003},
  timestamp    = {Wed, 17 Feb 2021 21:56:06 +0100},
  biburl       = {https://dblp.org/rec/journals/scp/BravenboerKVV08.bib},
  bibsource    = {dblp computer science bibliography, https://dblp.org}
}

@inproceedings{Maude,
  author       = {Narciso Mart{\'{\i}}{-}Oliet and
                  Jos{\'{e}} Meseguer and
                  Alberto Verdejo},
  editor       = {Narciso Mart{\'{\i}}{-}Oliet},
  title        = {Towards a Strategy Language for {Maude}},
  booktitle    = {Proceedings of the Fifth International Workshop on Rewriting Logic
                  and Its Applications (WRLA)},
  series       = {Electronic Notes in Theoretical Computer Science},
  volume       = {117},
  pages        = {417--441},
  publisher    = {Elsevier},
  year         = {2004},
  doi          = {10.1016/J.ENTCS.2004.06.020},
  timestamp    = {Sun, 19 Jan 2025 14:29:12 +0100},
  biburl       = {https://dblp.org/rec/journals/entcs/Marti-OlietMV05.bib},
  bibsource    = {dblp computer science bibliography, https://dblp.org}
}

@inproceedings{Specification-of-rewriting-strategies,
  title={Specification of Rewriting Strategiesâˆ—},
  author={Luttik, Sebastiaan P and Visser, Eelco},
  booktitle={Proceedings of the 2nd International Workshop on the Theory and Practice of Algebraic Specifications (TAPS)},
  year={1997},
  organization={BCS Learning \& Development},
  Publisher="Springer",
  Series="Electronic Workshops in Computing",
  Editor="M.P.A. Sellink",
}

@inproceedings{A-survey-of-rewriting-strategies-in-PTSs,
  author       = {Eelco Visser},
  editor       = {Bernhard Gramlich and
                  Salvador Lucas},
  title        = {A Survey of Strategies in Program Transformation Systems},
  booktitle    = {1st International Workshop on Reduction Strategies in Rewriting and
                  Programming (WRS)},
  series       = {Electronic Notes in Theoretical Computer Science},
  volume       = {57},
  pages        = {109--143},
  publisher    = {Elsevier},
  year         = {2001},
  doi          = {10.1016/S1571-0661(04)00270-1},
  timestamp    = {Tue, 07 Nov 2023 11:31:29 +0100},
  biburl       = {https://dblp.org/rec/journals/tcs/Visser01.bib},
  bibsource    = {dblp computer science bibliography, https://dblp.org}
}

@inproceedings{Action-codes,
  author       = {Frits W. Vaandrager and
                  Thorsten Wi{\ss}mann},
  editor       = {Kousha Etessami and
                  Uriel Feige and
                  Gabriele Puppis},
  title        = {Action Codes},
  booktitle    = {50th International Colloquium on Automata, Languages, and Programming (ICALP)},
  series       = {LIPIcs},
  volume       = {261},
  pages        = {137:1--137:20},
  publisher    = {Schloss Dagstuhl - Leibniz-Zentrum f{\"{u}}r Informatik},
  year         = {2023},
  doi          = {10.4230/LIPICS.ICALP.2023.137},
  timestamp    = {Wed, 21 Aug 2024 22:46:00 +0200},
  biburl       = {https://dblp.org/rec/conf/icalp/VaandragerW23.bib},
  bibsource    = {dblp computer science bibliography, https://dblp.org}
}

@inproceedings{GP2,
  author       = {Detlef Plump},
  editor       = {Santiago Escobar},
  title        = {The Design of {GP} 2},
  booktitle    = {Proceedings 10th International Workshop on Reduction Strategies in
                  Rewriting and Programming (WRS)},
  series       = {{EPTCS}},
  volume       = {82},
  pages        = {1--16},
  year         = {2011},
  doi          = {10.4204/EPTCS.82.1},
  timestamp    = {Tue, 10 Nov 2020 12:25:00 +0100},
  biburl       = {https://dblp.org/rec/journals/corr/abs-1204-5541.bib},
  bibsource    = {dblp computer science bibliography, https://dblp.org}
}

@article{VIATRA2,
  author       = {D{\'{a}}niel Varr{\'{o}} and
                  Andr{\'{a}}s Balogh},
  title        = {The model transformation language of the {VIATRA2} framework},
  journal      = {Sci. Comput. Program.},
  volume       = {68},
  number       = {3},
  pages        = {214--234},
  year         = {2007},
  doi          = {10.1016/J.SCICO.2007.05.004},
  timestamp    = {Wed, 17 Feb 2021 21:56:06 +0100},
  biburl       = {https://dblp.org/rec/journals/scp/VarroB07.bib},
  bibsource    = {dblp computer science bibliography, https://dblp.org}
}

@inproceedings{Henshin,
  author       = {Daniel Str{\"{u}}ber and
                  Kristopher Born and
                  Kanwal Daud Gill and
                  Raffaela Groner and
                  Timo Kehrer and
                  Manuel Ohrndorf and
                  Matthias Tichy},
  editor       = {Juan de Lara and
                  Detlef Plump},
  title        = {Henshin: {A} Usability-Focused Framework for {EMF} Model Transformation
                  Development},
  booktitle    = {Graph Transformation - 10th International Conference (ICGT)},
  series       = {Lecture Notes in Computer Science},
  volume       = {10373},
  pages        = {196--208},
  publisher    = {Springer},
  year         = {2017},
  doi          = {10.1007/978-3-319-61470-0\_12},
  timestamp    = {Tue, 14 May 2019 10:00:49 +0200},
  biburl       = {https://dblp.org/rec/conf/gg/0001BGGKOT17.bib},
  bibsource    = {dblp computer science bibliography, https://dblp.org}
}

@inproceedings{Strategy-language-for-graph-rewriting,
  author       = {Maribel Fern{\'{a}}ndez and
                  H{\'{e}}l{\`{e}}ne Kirchner and
                  Olivier Namet},
  editor       = {Germ{\'{a}}n Vidal},
  title        = {A Strategy Language for Graph Rewriting},
  booktitle    = {Logic-Based Program Synthesis and Transformation - 21st International
                  Symposium (LOPSTR)},
  series       = {Lecture Notes in Computer Science},
  volume       = {7225},
  pages        = {173--188},
  publisher    = {Springer},
  year         = {2011},
  doi          = {10.1007/978-3-642-32211-2\_12},
  timestamp    = {Tue, 14 May 2019 10:00:41 +0200},
  biburl       = {https://dblp.org/rec/conf/lopstr/FernandezKN11.bib},
  bibsource    = {dblp computer science bibliography, https://dblp.org}
}

@inproceedings{Story-Diagrams,
  author       = {Thorsten Fischer and
                  J{\"{o}}rg Niere and
                  Lars Torunski and
                  Albert Z{\"{u}}ndorf},
  editor       = {Hartmut Ehrig and
                  Gregor Engels and
                  Hans{-}J{\"{o}}rg Kreowski and
                  Grzegorz Rozenberg},
  title        = {Story Diagrams: {A} New Graph Rewrite Language Based on the Unified
                  Modeling Language and Java},
  booktitle    = {Theory and Application of Graph Transformations, 6th International
                  Workshop (TAGT)},
  series       = {Lecture Notes in Computer Science},
  volume       = {1764},
  pages        = {296--309},
  publisher    = {Springer},
  year         = {1998},
  doi          = {10.1007/978-3-540-46464-8\_21},
  timestamp    = {Tue, 14 May 2019 10:00:40 +0200},
  biburl       = {https://dblp.org/rec/conf/tagt/FischerNTZ98.bib},
  bibsource    = {dblp computer science bibliography, https://dblp.org}
}

@inproceedings{Programmed-graph-rewriting,
  author       = {Eugene Syriani and
                  Hans Vangheluwe},
  editor       = {Andy Sch{\"{u}}rr and
                  Manfred Nagl and
                  Albert Z{\"{u}}ndorf},
  title        = {Programmed Graph Rewriting with {DEVS}},
  booktitle    = {Applications of Graph Transformations with Industrial Relevance, Third
                  International Symposium (AGTIVE)},
  series       = {Lecture Notes in Computer Science},
  volume       = {5088},
  pages        = {136--151},
  publisher    = {Springer},
  year         = {2007},
  doi          = {10.1007/978-3-540-89020-1\_11},
  timestamp    = {Thu, 14 Oct 2021 10:29:53 +0200},
  biburl       = {https://dblp.org/rec/conf/agtive/SyrianiV07.bib},
  bibsource    = {dblp computer science bibliography, https://dblp.org}
}